@article{aurenhammer1987power,
  title={Power diagrams: properties, algorithms and applications},
  author={Aurenhammer, Franz},
  journal={SIAM Journal on Computing},
  volume={16},
  number={1},
  pages={78--96},
  year={1987},
  publisher={SIAM}
}

@article{barber1996quickhull,
  title={The quickhull algorithm for convex hulls},
  author={Barber, C Bradford and Dobkin, David P and Huhdanpaa, Hannu},
  journal={ACM Transactions on Mathematical Software (TOMS)},
  volume={22},
  number={4},
  pages={469--483},
  year={1996},
  publisher={ACM}
}
